%% This BibTeX bibliography file was created using BibDesk.
%% http://bibdesk.sourceforge.net/


%% Created for Katelyn Neese at 2015-07-06 00:19:24 -0400 


%% Saved with string encoding Unicode (UTF-8) 



@article{freese,
	Author = {Katherine Freese and Christopher Savage},
	Date-Added = {2015-07-06 03:51:28 +0000},
	Date-Modified = {2015-07-06 04:07:48 +0000},
	Journal = {Physics Letters B},
	Keywords = {Dark matter, collisions},
	Month = {October},
	Pages = {25-28},
	Rating = {5},
	Read = {0},
	Title = {Dark matter collisions with the human body},
	Volume = {717},
	Year = {2012}}
